@TechReport{Fuba417Manual,
  author = {Fuba},
  title  = {{Fuba DEK 417 PDF-Datenblatt}},
  url    = {https://www.fuba.de/produktausdruck?pid=1225},
}

@TechReport{HT78H06ARDZ_Datasheet,
  author = {HTCSEMI},
  title  = {{HT78H06ARDZ 3-TERMINAL 0.3A POSITIVE VOLTAGE REGULATORS}},
  url    = {https://www.lcsc.com/datasheet/lcsc_datasheet_2410121317_HTCSEMI-HT78H06ARDZ_C2895055.pdf},
}

@TechReport{BAV70_Datasheet,
	author = {nexperia},
	title  = {{BAV70 High-speed switching double diode PDF-Datenblatt}},
	url    = {https://assets.nexperia.com/documents/data-sheet/BAV70.pdf},
}

@Misc{HT78H06ARDZ_LCSC,
  author = {{LCSC}},
  title  = {{HT78H06ARDZ | HTCSEMI | Price | In Stock | LCSC Electronics}},
  url    = {https://www.lcsc.com/product-detail/Voltage-Regulators-Linear-Low-Drop-Out-LDO-Regulators_HTCSEMI-HT78H06ARDZ_C2895055.html?s_z=n_78H06},
}

@Misc{RafaelMicro,
	author = {{Rafael Micro}},
	title  = {{Satellite - Global Leader in RFIC Technology}},
	url    = {https://www.rafaelmicro.com/satellite/},
}

@Comment{jabref-meta: databaseType:bibtex;}
